@book{sadiku2013,
	Address = {United States of America},
	Author = {C. Alexander, M. Sadiku},
	Edition = {5},
	Organization = {McGraw-Hill Science/Engineering/Math},
	Publisher = {McGraw-Hill Science/Engineering/Math},
	Title = {Fundamental of Electric Circuits},
	Year = {2013}
}
	
@book{sears2012,
	Address = {United States of America},
	Author = {Hugh D. Young},
	Edition = {13},
	Organization = {Pearson PLC},
	Publisher = {Pearson Education, Inc.},
	Title = {Sears and Zemanksy's University physics},
	Year = {2012}
}

@misc{DSPMACOVERVIEW, 
	title={DSP MAC Overview},
	 url={http://microchipdeveloper.com/dsp0201:mac-overview}, 
	 journal={DSP MAC Overview - Developer Help}, 
	 publisher={Microchip}, 
	 author={Microchip},
 	 year={2018}, 
	 month={Feb}
 }

@misc{avr:assembler, 
	title={Microchip - AVR Assembler}, 
	url={https://www.microchip.com/webdoc/avrassembler/index.html}, 
	journal={AVR Assembler},
	publisher={Microchip}, 
	author={Microchip},
	year={2015}, 
	month={May}
}